<?xml version="1.0" encoding="UTF-8"?><collection xmlns="http://www.loc.gov/MARC21/slim"><record><leader>00430nam--2200145-i-4500</leader><controlfield tag="001">000031171</controlfield><controlfield tag="002">20161230</controlfield><controlfield tag="005">20161230201038</controlfield><controlfield tag="008">060222s1000------------r-----000-0-eng-d</controlfield><datafield ind1=" " ind2=" " tag="040"><subfield code="a">IFIN-HH</subfield></datafield><datafield ind1=" " ind2=" " tag="080"><subfield code="a">519.662</subfield></datafield><datafield ind1=" " ind2=" " tag="245"><subfield code="a">Logaritmii zecimali ai numerelor si ai functiilor trigonometrice.(calculati cu 7 zecimale)</subfield></datafield><datafield ind1=" " ind2=" " tag="260"><subfield code="a">BUCURESTI, EDITURA STIINTIFICA, 1959. 320 p</subfield></datafield><datafield ind1=" " ind2=" " tag="852"><subfield code="a">5869</subfield><subfield code="c">518.2</subfield></datafield><datafield ind1=" " ind2=" " tag="CAT"><subfield code="a">Sys</subfield><subfield code="c">20090714</subfield><subfield code="h">123348</subfield></datafield></record></collection>